<?xml version="1.0" encoding="UTF-8"?><collection xmlns="http://www.loc.gov/MARC21/slim"><record><leader>00420nam--2200121-i-4500</leader><controlfield tag="001">000039431</controlfield><controlfield tag="002">20161230</controlfield><controlfield tag="005">20161230201042</controlfield><controlfield tag="008">060222s1000------------r-----000-0-eng-d</controlfield><datafield ind1=" " ind2=" " tag="100"><subfield code="a">Rocard, Jean-michel</subfield></datafield><datafield ind1=" " ind2=" " tag="245"><subfield code="a">Contribution a l`etude de la renonance paramaagnetique nucleaire dans les champs tres faibles. theses presentees a la fac.des sciences de l`univ.de paris</subfield></datafield><datafield ind1=" " ind2=" " tag="260"><subfield code="a">Geneve, Albert Kundig, 1957</subfield></datafield><datafield ind1=" " ind2=" " tag="852"><subfield code="a">5506</subfield></datafield></record></collection>